
   <record>
      <leader>02167nmm a2200457 a 4500</leader>
      <controlfield tag="006">m&lt;diese&gt;&lt;diese&gt;&lt;diese&gt;&lt;diese&gt;|q&lt;diese&gt;&lt;diese&gt;g&lt;diese&gt;|&lt;diese&gt;&lt;diese&gt;&lt;diese&gt;&lt;diese&gt;&lt;diese&gt;&lt;diese&gt;</controlfield>
      <controlfield tag="007">c|||||||||||||</controlfield>
      <controlfield tag="008">      s2021    xx     ||  | |      mul||</controlfield>
      <datafield tag="019" ind1=" " ind2=" ">
         <subfield code="a">!!! Notice importée automatiquement, à vérifier et à compléter si nécessaire !!!</subfield>
         <subfield code="9">vdetoy/08.2025</subfield>
      </datafield>
      <datafield tag="019" ind1=" " ind2=" ">
         <subfield code="a">Notice valable pour toutes les versions (consoles) du jeu !!!</subfield>
         <subfield code="9">vdetoy/08.2025</subfield>
      </datafield>
      <datafield tag="024" ind1="8" ind2=" ">
         <subfield code="a">3391892015911</subfield>
         <subfield code="q">Nintendo Switch</subfield>
      </datafield>
      <datafield tag="035" ind1=" " ind2=" ">
         <subfield code="a">(LUETOY)1887</subfield>
      </datafield>
      <datafield tag="040" ind1=" " ind2=" ">
         <subfield code="a">RNV etoy</subfield>
      </datafield>
      <datafield tag="041" ind1="1" ind2=" ">
         <subfield code="a">fre</subfield>
      </datafield>
      <datafield tag="245" ind1="0" ind2="0">
         <subfield code="a">Dragonball Z - Kakarot + A New Power Awakens</subfield>
      </datafield>
      <datafield tag="264" ind1=" " ind2="1">
         <subfield code="a">[Lieu de publication non identifié] : </subfield>
         <subfield code="b">Nintendo, </subfield>
         <subfield code="c">2021</subfield>
      </datafield>
      <datafield tag="300" ind1=" " ind2=" ">
         <subfield code="a">1 jeu vidéo dans 1 boîtier</subfield>
      </datafield>
      <datafield tag="336" ind1=" " ind2=" ">
         <subfield code="b">cod</subfield>
         <subfield code="2">rdacontent</subfield>
      </datafield>
      <datafield tag="337" ind1=" " ind2=" ">
         <subfield code="b">c</subfield>
         <subfield code="2">rdamedia</subfield>
      </datafield>
      <datafield tag="338" ind1=" " ind2=" ">
         <subfield code="b">cb</subfield>
         <subfield code="2">rdacarrier</subfield>
      </datafield>
      <datafield tag="500" ind1=" " ind2=" ">
         <subfield code="a">Vérifiez le boîtier du jeu pour connaître les configurations requises.</subfield>
      </datafield>
      <datafield tag="500" ind1=" " ind2=" ">
         <subfield code="a">Consultez le détail des exemplaires pour savoir quelles versions du jeu (console) sont disponibles dans votre bibliothèque.</subfield>
      </datafield>
      <datafield tag="520" ind1="8" ind2=" ">
         <subfield code="a">La saga Dragon BAll Z en mode jeu d'action-RPG et d'aventure. - Incarne des guerriers Z, découvre pleins de surprises et revis la saga de ses débuts jusqu'au combat final. </subfield>
         <subfield code="9">vdetoy/08.2025</subfield>
      </datafield>
      <datafield tag="521" ind1=" " ind2=" ">
         <subfield code="a">Age min : 12 ans</subfield>
         <subfield code="9">vdetoy/08.2025</subfield>
      </datafield>
      <datafield tag="650" ind1=" " ind2="7">
         <subfield code="a">Jeu d'action-réaction virtuel</subfield>
         <subfield code="0">A108</subfield>
         <subfield code="2">esar</subfield>
      </datafield>
      <datafield tag="650" ind1=" " ind2="7">
         <subfield code="a">Jeu de règles virtuel</subfield>
         <subfield code="0">A412</subfield>
         <subfield code="2">esar</subfield>
      </datafield>
      <datafield tag="655" ind1=" " ind2="7">
         <subfield code="a">Jeux vidéo</subfield>
         <subfield code="2">ram</subfield>
      </datafield>
      <datafield tag="710" ind1="2" ind2=" ">
         <subfield code="a">Bandai Namco Entertainment, nan</subfield>
         <subfield code="4">cre</subfield>
      </datafield>
      <datafield tag="710" ind1="2" ind2=" ">
         <subfield code="a">Bird, Studio</subfield>
         <subfield code="4">cre</subfield>
      </datafield>
      <datafield tag="710" ind1="2" ind2=" ">
         <subfield code="a">Shueisha, nan</subfield>
         <subfield code="4">cre</subfield>
      </datafield>
      <datafield tag="710" ind1="2" ind2=" ">
         <subfield code="a">Toei, Animation</subfield>
         <subfield code="4">cre</subfield>
      </datafield>
      <datafield tag="972" ind1=" " ind2=" ">
         <subfield code="a">vdetoy</subfield>
      </datafield>
      <datafield tag="985" ind1=" " ind2=" ">
         <subfield code="2">cetoy</subfield>
         <subfield code="a">5</subfield>
         <subfield code="b">Jeux Virtuels</subfield>
         <subfield code="c">VIR. jeu pour console</subfield>
         <subfield code="9">local</subfield>
      </datafield>
      <datafield tag="998" ind1=" " ind2=" ">
         <subfield code="a">ImportPython/etoy</subfield>
      </datafield>
      <holding_data>
         <leader>     nx  a22     1n 4500</leader>
         <datafield tag="852" ind1=" " ind2=" ">
            <subfield code="b">etoy</subfield>
            <subfield code="c">811450045</subfield>
            <subfield code="h">VIR. jeu pour console</subfield>
         </datafield>
      </holding_data>
      <item_data>
         <alternative_call_number>VIR. jeu pour console</alternative_call_number>
         <alternative_call_number_type>8</alternative_call_number_type>
         <arrival_date>2024-08-30</arrival_date>
         <barcode>EY3409</barcode>
         <description>boîtier Switch -- cartouche Switch: -- 'Dragonbal Z Kakarot' -- Lire précautions et avertissement -- à l'intérieur de la couverture</description>
         <inventory_date>2024-09-19</inventory_date>
         <inventory_price>64,95</inventory_price>
         <internal_note_3>Fournisseur : FNAC</internal_note_3>
         <item_location>811450045</item_location>
         <physical_material_type>GAME</physical_material_type>
         <policy>3000</policy>
      </item_data>
   </record>